% Encoding: UTF-8

@Online{Doe2017,
  author  = {Jon Doe},
  editor  = {Webbrowser},
  title   = {The story of localhost},
  year    = {2017},
  date    = {2017-02-02},
  url     = {http://localhost:8080},
  urldate = {2017-02-02},
}

@Comment{jabref-meta: databaseType:biblatex;}
